@book{ntt:2019,
	author = {{Nguyễn Thanh Tuấn}},
	title = {{Deep Learning cơ bản}},
	YEAR = {2019}
}
@article{efficientnet:2020,
	author = {{Mingxing Tan, Quoc V.Le}},
	journal = {CornellUniversity},
	title = {{EfficientNet: Rethinking Model Scaling for Convolutional Neural Networks}},
	year = {2020}
	}

@book{tiep:2017,
  author = {Vũ Hữu Tiệp},
  title = {{Machine Learning cơ bản}},
  year = {2020},
  publisher = {{Nhà Xuất Bản Khoa học \& kỹ thuật}}
}
@online{mobile:viblo,
  author = {Dat Nguyen},
  title = {{Separable Convolutions - Toward realtime object detection applications}},
  year = 2019,
  url = {https://viblo.asia/p/separable-convolutions-toward-realtime-object-detection-applications-aWj534bpK6m},
  urldate = {2019-07-21}
}
@online{PF:web,
  author = {Pumonary Fibrosis Foundation},
  title = {{Pulmonary Fibrosis Overview}},
  year = 2019,
  url = {https://www.pulmonaryfibrosis.org/life-with-pf/about-pf}
}
@online{PF2:web,
  author = {British Lung Foundation},
  title = {{Idiopathic pulmonary fibrosis statistics}},
  year = 2016,
  url = {https://www.blf.org.uk/support-for-you/idiopathic-pulmonary-fibrosis-ipf/statistics}
}
